<marcxml:record xmlns:marcxml="http://www.loc.gov/MARC21/slim" xmlns:idx="info:lc/xq-modules/lcindex" xmlns:madsrdf="http://www.loc.gov/mads/rdf/v1#" xmlns:ri="http://id.loc.gov/ontologies/RecordInfo#" xmlns:xlink="http://www.w3.org/1999/xlink" xmlns:rdf="http://www.w3.org/1999/02/22-rdf-syntax-ns#" xmlns:mets="http://www.loc.gov/METS/" xmlns:semtriples="http://marklogic.com/semantic" xmlns:xsi="http://www.w3.org/2001/XMLSchema-instance" xmlns:streams="info:lc/streams#">
            <marcxml:leader>01331cz  a2200325n  4500</marcxml:leader>
            <marcxml:controlfield tag="001">sh87004621</marcxml:controlfield>
            <marcxml:controlfield tag="003">DLC</marcxml:controlfield>
            <marcxml:controlfield tag="005">19970919105823.1</marcxml:controlfield>
            <marcxml:controlfield tag="008">870723|| anannbab|          |a ana |||  </marcxml:controlfield>
            <marcxml:datafield tag="010" ind1=" " ind2=" ">
              <marcxml:subfield code="a">sh 87004621 </marcxml:subfield>
            </marcxml:datafield>
            <marcxml:datafield tag="040" ind1=" " ind2=" ">
              <marcxml:subfield code="a">DLC</marcxml:subfield>
              <marcxml:subfield code="c">DLC</marcxml:subfield>
              <marcxml:subfield code="d">DLC</marcxml:subfield>
              <marcxml:subfield code="d">NNC</marcxml:subfield>
            </marcxml:datafield>
            <marcxml:datafield tag="110" ind1="2" ind2="0">
              <marcxml:subfield code="a">Colosseum (Rome, Italy)</marcxml:subfield>
            </marcxml:datafield>
            <marcxml:datafield tag="410" ind1="2" ind2="0">
              <marcxml:subfield code="a">Amphitheatrum Flavium (Rome, Italy)</marcxml:subfield>
            </marcxml:datafield>
            <marcxml:datafield tag="410" ind1="2" ind2="0">
              <marcxml:subfield code="a">Anfiteatro Flavio (Rome, Italy)</marcxml:subfield>
            </marcxml:datafield>
            <marcxml:datafield tag="410" ind1="2" ind2="0">
              <marcxml:subfield code="a">Coliseum (Rome, Italy)</marcxml:subfield>
            </marcxml:datafield>
            <marcxml:datafield tag="410" ind1="2" ind2="0">
              <marcxml:subfield code="a">Colosseo (Rome, Italy)</marcxml:subfield>
            </marcxml:datafield>
            <marcxml:datafield tag="410" ind1="2" ind2="0">
              <marcxml:subfield code="a">Flavian Amphitheater (Rome, Italy)</marcxml:subfield>
            </marcxml:datafield>
            <marcxml:datafield tag="550" ind1=" " ind2="0">
              <marcxml:subfield code="w">g</marcxml:subfield>
              <marcxml:subfield code="a">Amphitheaters</marcxml:subfield>
              <marcxml:subfield code="z">Italy</marcxml:subfield>
            </marcxml:datafield>
            <marcxml:datafield tag="551" ind1=" " ind2="0">
              <marcxml:subfield code="w">g</marcxml:subfield>
              <marcxml:subfield code="a">Italy</marcxml:subfield>
              <marcxml:subfield code="x">Antiquities</marcxml:subfield>
            </marcxml:datafield>
            <marcxml:datafield tag="670" ind1=" " ind2=" ">
              <marcxml:subfield code="a">Ox. classic dict.</marcxml:subfield>
              <marcxml:subfield code="b">(Colosseum, Amphitheatrum Flavium)</marcxml:subfield>
            </marcxml:datafield>
            <marcxml:datafield tag="670" ind1=" " ind2=" ">
              <marcxml:subfield code="a">World guides: Italy:</marcxml:subfield>
              <marcxml:subfield code="b">p. 500-502 (Coliseum, Colosseo, Flavian Amphitheater)</marcxml:subfield>
            </marcxml:datafield>
            <marcxml:datafield tag="670" ind1=" " ind2=" ">
              <marcxml:subfield code="a">Harper's dict. classic. lit.:</marcxml:subfield>
              <marcxml:subfield code="b">p. 69 (Flavian Amphitheatre; Coliseum; Colosseum; Amphitheatrum Flavium)</marcxml:subfield>
            </marcxml:datafield>
            <marcxml:datafield tag="670" ind1=" " ind2=" ">
              <marcxml:subfield code="a">Nagel's encyc. guide: Italy:</marcxml:subfield>
              <marcxml:subfield code="b">p. 21.</marcxml:subfield>
            </marcxml:datafield>
            <marcxml:datafield tag="670" ind1=" " ind2=" ">
              <marcxml:subfield code="a">Smith dict. Greek Roman antiq.:</marcxml:subfield>
              <marcxml:subfield code="b">p. 42 (Flavian Amphitheatre; Colisaeum)</marcxml:subfield>
            </marcxml:datafield>
            <marcxml:datafield tag="670" ind1=" " ind2=" ">
              <marcxml:subfield code="a">Britannica Micro.:</marcxml:subfield>
              <marcxml:subfield code="b">v. 3, p. 21.</marcxml:subfield>
            </marcxml:datafield>
            <marcxml:datafield tag="670" ind1=" " ind2=" ">
              <marcxml:subfield code="a">Americana:</marcxml:subfield>
              <marcxml:subfield code="b">v. 7, p. 335.</marcxml:subfield>
            </marcxml:datafield>
            <marcxml:datafield tag="670" ind1=" " ind2=" ">
              <marcxml:subfield code="a">Britannica 14:</marcxml:subfield>
              <marcxml:subfield code="b">v. 19, p. 573-4 (Amphitheatrum Flavium; Colosseo)</marcxml:subfield>
            </marcxml:datafield>
            <marcxml:datafield tag="670" ind1=" " ind2=" ">
              <marcxml:subfield code="a">Old catalog heading</marcxml:subfield>
              <marcxml:subfield code="b">(Rome (City) Colosseum)</marcxml:subfield>
            </marcxml:datafield>
            <marcxml:datafield tag="670" ind1=" " ind2=" ">
              <marcxml:subfield code="a">Anfiteatro Flavio, Roma, 1996:</marcxml:subfield>
              <marcxml:subfield code="b">t.p. (Anfiteatro Flavio)</marcxml:subfield>
            </marcxml:datafield>
            <marcxml:datafield tag="675" ind1=" " ind2=" ">
              <marcxml:subfield code="a">Lippincott;</marcxml:subfield>
              <marcxml:subfield code="a">Web. geog.</marcxml:subfield>
            </marcxml:datafield>
          </marcxml:record>
